<record><leader>00000cas a22000007a 4500</leader><controlfield tag="001">9886484</controlfield><controlfield tag="008">830908d18321852nyuwr ne      0    0eng d</controlfield><datafield ind1=" " ind2=" " tag="010"><subfield code="a">sn 83031486 </subfield></datafield><datafield ind1=" " ind2=" " tag="040"><subfield code="a">NPU</subfield><subfield code="b">eng</subfield><subfield code="c">NPU</subfield><subfield code="d">NPX</subfield><subfield code="d">DLC</subfield><subfield code="d">NPX</subfield><subfield code="d">NYS</subfield><subfield code="d">NVF</subfield><subfield code="d">OCL</subfield><subfield code="d">WIH</subfield><subfield code="d">OCLCQ</subfield><subfield code="d">OCLCF</subfield></datafield><datafield ind1="1" ind2=" " tag="029"><subfield code="a">AU@</subfield><subfield code="b">000020127616</subfield></datafield><datafield ind1=" " ind2=" " tag="042"><subfield code="a">msc</subfield></datafield><datafield ind1=" " ind2=" " tag="043"><subfield code="a">n-us-ny</subfield></datafield><datafield ind1="0" ind2="0" tag="050"><subfield code="a">Newspaper 8829-X</subfield></datafield><datafield ind1="0" ind2=" " tag="130"><subfield code="a">Oswego palladium (Oswego, N.Y. : 1832)</subfield></datafield><datafield ind1="1" ind2="4" tag="245"><subfield code="a">The Oswego palladium.</subfield></datafield><datafield ind1=" " ind2=" " tag="260"><subfield code="a">Oswego, N.Y. :</subfield><subfield code="b">John Carpenter</subfield></datafield><datafield ind1=" " ind2=" " tag="300"><subfield code="a">v. :</subfield><subfield code="b">ill. ;</subfield><subfield code="c">56 cm.</subfield></datafield><datafield ind1=" " ind2=" " tag="310"><subfield code="a">Weekly</subfield></datafield><datafield ind1="1" ind2=" " tag="362"><subfield code="a">Began in 1832; ceased in 1852.</subfield></datafield><datafield ind1=" " ind2=" " tag="500"><subfield code="a">Publishers: John Carpenter, &lt;1832&gt;; John Carpenter &amp; S.F. Smith, &lt;1837&gt;; John Carpenter, &lt;1838-1841&gt;; R. Bunner, &lt;1852&gt;.</subfield></datafield><datafield ind1=" " ind2=" " tag="500"><subfield code="a">Editor: R. Bunner, &lt;1852&gt;.</subfield></datafield><datafield ind1=" " ind2=" " tag="500"><subfield code="a">"Republican."</subfield></datafield><datafield ind1=" " ind2=" " tag="580"><subfield code="a">Triweekly ed.: Oswego advertiser, 1836-&lt;1837&gt;.</subfield></datafield><datafield ind1=" " ind2=" " tag="580"><subfield code="a">Daily ed.: Oswego daily palladium (Oswego, N.Y. : 1851), 1851-1852.</subfield></datafield><datafield ind1=" " ind2=" " tag="588"><subfield code="a">Description based on: Vol. 13, whole no. 678 (Nov. 14, 1832) = New ser. v. 3, no. 42.</subfield></datafield><datafield ind1=" " ind2="0" tag="651"><subfield code="a">Oswego (N.Y.)</subfield><subfield code="v">Newspapers.</subfield></datafield><datafield ind1=" " ind2="0" tag="651"><subfield code="a">Oswego County (N.Y.)</subfield><subfield code="v">Newspapers.</subfield></datafield><datafield ind1=" " ind2="7" tag="655"><subfield code="a">Newspapers.</subfield><subfield code="2">fast</subfield><subfield code="0">(OCoLC)fst01423814</subfield></datafield><datafield ind1=" " ind2="7" tag="651"><subfield code="a">New York (State)</subfield><subfield code="z">Oswego.</subfield><subfield code="2">fast</subfield><subfield code="0">(OCoLC)fst01212851</subfield></datafield><datafield ind1=" " ind2="7" tag="651"><subfield code="a">New York (State)</subfield><subfield code="z">Oswego County.</subfield><subfield code="2">fast</subfield><subfield code="0">(OCoLC)fst01208853</subfield></datafield><datafield ind1=" " ind2=" " tag="752"><subfield code="a">United States</subfield><subfield code="b">New York</subfield><subfield code="c">Oswego</subfield><subfield code="d">Oswego.</subfield></datafield><datafield ind1="1" ind2=" " tag="775"><subfield code="t">Oswego advertiser</subfield><subfield code="w">(DLC)sn 89071207</subfield><subfield code="w">(OCoLC)20579828</subfield></datafield><datafield ind1="1" ind2=" " tag="775"><subfield code="t">Oswego daily palladium (Oswego, N.Y. : 1851)</subfield><subfield code="w">(DLC)sn 83031421</subfield><subfield code="w">(OCoLC)9880088</subfield></datafield><datafield ind1="0" ind2="0" tag="780"><subfield code="t">Oswego palladium and Republican chronicle</subfield><subfield code="w">(DLC)sn 83031485</subfield></datafield><datafield ind1="0" ind2="0" tag="785"><subfield code="t">Oswego weekly palladium</subfield><subfield code="w">(DLC)sn 85026892</subfield></datafield></record>